% ADDED BY GABRIEL

@article {SS86,
    AUTHOR = {Saad, Y. and Schultz, M. H.},
    TITLE = {G{MRES}: a generalized minimal residual algorithm for solving nonsymmetric linear systems},
    JOURNAL = {SIAM J. Sci. Statist. Comput.},
    VOLUME = {7},
    YEAR = {1986},
    NUMBER = {3},
    PAGES = {856--869},
}

@article{KSTT02,
    author = "R. Kupferman and A. M. Stuart and J. R. Terry and P. F. Tupper",
    title="Long-term behaviour of large mechanical systems with random initial data",
    journal="Stoch. Dynam.",
    volume="2",
    number="4",
    pages ="1-30",
    year ="2002",
}

@article{FHS14,
    author = "M. Fathi and A.-A. Homman and G. Stoltz",
    title = "Error analysis of the transport properties of {M}etropolized schemes",
    journal = "ESAIM Proc.",
    year = "2015",
    volume = "48",
    pages = "341--363",
}

@book {BLP,
    AUTHOR = {Bensoussan, A. and Lions, J.-L. and Papanicolaou, G.},
    TITLE = {Asymptotic Analysis for Periodic Structures},
    PUBLISHER = {AMS Chelsea Publishing},
    YEAR = {2011},
}

@article {CGMZ19,
    AUTHOR = {P. Cattiaux and A. Guillin and P. Monmarch\'{e} and C. Zhang},
    TITLE = {Entropic multipliers method for {L}angevin diffusion and weighted log {S}obolev inequalities},
    JOURNAL = {J. Funct. Anal.},
    VOLUME = {277},
    YEAR = {2019},
    NUMBER = {11},
}

@article{AM19,
    author = "S. Armstrong and J.-C. Mourrat",
    title = "Variational methods for the kinetic {Fokker-Planck} equation",
    journal = "arXiv preprint",
    year = "2019",
    volume = "1902.04037",
}

@article{CLW19,
    title = "On explicit {$L^2$}-convergence rate estimate for underdamped {L}angevin dynamics",
    author = "Y. Cao and J. Lu and L. Wang",
    journal = "arXiv preprint",
    volume = "1908.04746",
    year = "2019",
}

@article{EGZ19,
    author = "A. Eberle and A. Guillin and R. Zimmer",
    title = "Coupling and quantitative contraction rates for {L}angevin dynamics",
    journal = "Ann. Probab.",
    year = "2019",
    volume = "47",
    number = "4",
    pages = "1982-2010",
}

@article{DKMS13,
    author = "J. Dolbeault and A. Klar and C. Mouhot and C. Schmeiser",
    title = "Exponential rate of convergence to equilibrium for a model Describing Fiber Lay-Down Processes",
    year = "2013",
    journal = "Appl. Math. Res. eXpress",
    volume = "2013",
    number = "2",
    pages = "165--175",
}

@article {AAS15,
    AUTHOR = {Achleitner, F. and Arnold, A. and St{\"u}rzer, D.},
    TITLE = {Large-time behavior in non-symmetric {F}okker-{P}lanck equations},
    JOURNAL = {Riv. Math. Univ. Parma},
    VOLUME = {6},
    YEAR = {2015},
    NUMBER = {1},
    PAGES = {1--68},
}

@article {GS16,
    AUTHOR = {M. Grothaus and P. Stilgenbauer},
    TITLE = {Hilbert space hypocoercivity for the {L}angevin dynamics revisited},
    JOURNAL = {Methods Funct. Anal. Topology},
    VOLUME = {22},
    YEAR = {2016},
    NUMBER = {2},
    PAGES = {152--168},
}

@article {Herau06,
    AUTHOR = {F. H\'{e}rau},
    TITLE = {Hypocoercivity and exponential time decay for the linear inhomogeneous relaxation {B}oltzmann equation},
    JOURNAL = {Asymptot. Anal.},
    VOLUME = {46},
    YEAR = {2006},
    NUMBER = {3-4},
    PAGES = {349--359},
}

@article {DV01,
    AUTHOR = {L. Desvillettes and C. Villani},
    TITLE = {On the trend to global equilibrium in spatially inhomogeneous entropy-dissipating systems: {T}he linear {F}okker-{P}lanck equation},
    JOURNAL = {Comm. Pure Appl. Math.},
    VOLUME = {54},
    YEAR = {2001},
    NUMBER = {1},
    PAGES = {1--42},
}

@article {MN06,
    AUTHOR = {Mouhot, C. and Neumann, L.},
    TITLE = {Quantitative perturbative study of convergence to equilibrium for collisional kinetic models in the torus},
    JOURNAL = {Nonlinearity},
    VOLUME = {19},
    YEAR = {2006},
    NUMBER = {4},
    PAGES = {969--998},
}

@article{Herau07,
    Title                    = {Short and long time behavior of the {F}okkerâ€“{P}lanck equation in a confining potential and applications},
    Author                   = {F. H\'erau},
    Journal                  = {J. Funct. Anal.},
    Year                     = {2007},
    Number                   = {1},
    Pages                    = {95-118},
    Volume                   = {244}
}

@article {Baudoin17,
    AUTHOR = {Baudoin, F.},
    TITLE = {Bakry-\'{E}mery meet {V}illani},
    JOURNAL = {J. Funct. Anal.},
    VOLUME = {273},
    YEAR = {2017},
    NUMBER = {7},
    PAGES = {2275--2291},
}

@article{OL15,
    author = "V. Letizia and S. Olla",
    title = "Non-equilibrium isothermal transformations in a temperature gradient from a microscopic dynamics",
    journal = "Ann. Probab.",
    VOLUME = {45},
    YEAR = {2017},
    NUMBER = {6A},
    PAGES = {3987--4018},
}

@article{BFLS20,
    title = "Hypocoercivity with {S}chur complements",
    author = "E. Bernard and M. Fathi and A. Levitt and G. Stoltz",
    journal = "arXiv preprint",
    volume = "2003.00726",
    year = "2020",
}

@incollection {Herau16,
    AUTHOR = {F. H\'{e}rau},
    TITLE = {Introduction to hypocoercive methods and applications for simple linear inhomogeneous kinetic models},
    BOOKTITLE = {Lectures on the Analysis of Nonlinear Partial Differential Equations. {P}art 5},
    SERIES = {Morningside Lect. Math.},
    VOLUME = {5},
    PAGES = {119--147},
    PUBLISHER = {Int. Press, Somerville, MA},
    YEAR = {2018},
}

@article{ASS20,
    title = "Propagator norm and sharp decay estimates for {Fokker--Planck} equations with linear drift",
    author = "A. Arnold and C. Schmeiser and B. Signorello",
    volume = "2003.01405",
    year = "2020",
    journal = "arXiv preprint",
}

@book {Kato,
    AUTHOR = {Kato, T.},
    TITLE = {Perturbation Theory for Linear Operators},
    SERIES = {Classics in Mathematics},
    PUBLISHER = {Springer-Verlag, Berlin},
    YEAR = {1995},
}

@Book{ReedSimon4,
    author = "M. Reed and B. Simon",
    title = "Methods of Modern Mathematical Physics. Analysis of Operators",
    publisher = "Academic Press",
    volume = "IV",
    year="1978",
}

    %-------------------------------------------------

@article {tang1993hermite,
    AUTHOR = {Tang, T.},
    TITLE = {The {H}ermite spectral method for {G}aussian-type functions},
    JOURNAL = {SIAM J. Sci. Comput.},
    FJOURNAL = {SIAM Journal on Scientific Computing},
    VOLUME = {14},
    YEAR = {1993},
    NUMBER = {3},
    PAGES = {594--606},
    ISSN = {1064-8275},
    MRCLASS = {65D20 (33C45 65L15)},
    MRNUMBER = {1214771},
    DOI = {10.1137/0914038},
    URL = {https://doi.org/10.1137/0914038},
}

@article{roussel2018spectral,
    title={Spectral methods for {L}angevin dynamics and associated error estimates},
    commentauthor={Roussel, Julien and Stoltz, Gabriel},
    author={Roussel, J. and Stoltz, G.},
    commentjournal={ESAIM: Mathematical Modelling and Numerical Analysis},
    journal={ESAIM: Math. Model. Numer. Anal.},
    volume={52},
    number={3},
    pages={1051--1083},
    year={2018},
    doi={10.1051/m2an/2017044},
    publisher={EDP Sciences}
}

@article {hairer2004periodic,
    AUTHOR = {Hairer, M. and Pavliotis, G. A.},
    TITLE = {Periodic homogenization for hypoelliptic diffusions},
    JOURNAL = {J. Statist. Phys.},
    FJOURNAL = {Journal of Statistical Physics},
    VOLUME = {117},
    YEAR = {2004},
    NUMBER = {1-2},
    PAGES = {261--279},
    ISSN = {0022-4715},
    MRCLASS = {82C31},
    MRNUMBER = {2098568},
    MRREVIEWER = {Luc Rey-Bellet},
    DOI = {10.1023/B:JOSS.0000044055.59822.20},
    COMMENTURL = {https://doi.org/10.1023/B:JOSS.0000044055.59822.20},
}

@book{pavliotis2008multiscale,
    AUTHOR = {Pavliotis, G. A. and Stuart, A. M.},
    TITLE = {Multiscale Methods: Averaging and Homogenization},
    SERIES = {Texts in Applied Mathematics},
    VOLUME = {53},
    PUBLISHER = {Springer, New York},
    YEAR = {2008},
    ISBN = {978-0-387-73828-4},
    MRCLASS = {60-02 (34E13 35R60 60H10 74Q05 76M50)},
    MRNUMBER = {2382139},
    MRREVIEWER = {Bogdan Iftimie},
}

@book {pavliotis2011applied,
    COMMENTAUTHOR = {Pavliotis, Grigorios A.},
    AUTHOR = {Pavliotis, G. A.},
    TITLE = {Stochastic Processes and Applications},
    SERIES = {Texts in Applied Mathematics},
    VOLUME = {60},
    PUBLISHER = {Springer, New York},
    YEAR = {2014},
}

@article {MR2427108,
    AUTHOR = {Pavliotis, G. A. and Vogiannou, A.},
    TITLE = {Diffusive transport in periodic potentials: underdamped
             dynamics},
    JOURNAL = {Fluct. Noise Lett.},
    FJOURNAL = {Fluctuation and Noise Letters (FNL). An Interdisciplinary
                Scientific Journal on Random Processes in Physical, Biological
                and Technological Systems},
    VOLUME = {8},
    YEAR = {2008},
    NUMBER = {2},
    PAGES = {L155--L173},
    ISSN = {0219-4775},
    MRCLASS = {82C41 (60J65 82C44)},
    MRNUMBER = {2427108},
    DOI = {10.1142/S0219477508004453},
    URL = {https://doi.org/10.1142/S0219477508004453},
}

@article {MR2562709,
    COMMENTAUTHOR = {Villani, C\'{e}dric},
    AUTHOR = {Villani, C.},
    TITLE = {Hypocoercivity},
    JOURNAL = {Mem. Amer. Math. Soc.},
    VOLUME = {202},
    YEAR = {2009},
    NUMBER = {950},
}

@article {abdulle2017spectral,
    AUTHOR = {Abdulle, A. and Pavliotis, G. A. and Vaes, U.},
    TITLE = {Spectral methods for multiscale stochastic differential equations},
    JOURNAL = {SIAM/ASA J. Uncertain. Quantif.},
    FJOURNAL = {SIAM/ASA Journal on Uncertainty Quantification},
    VOLUME = {5},
    YEAR = {2017},
    NUMBER = {1},
    PAGES = {720--761},
    ISSN = {2166-2525},
    MRCLASS = {65C30 (60H10 60H15)},
    MRNUMBER = {3683698},
    MRREVIEWER = {John Masson Noble},
    DOI = {10.1137/16M1094117},
    URL = {https://doi.org/10.1137/16M1094117},
}

@article {MR3324910,
    COMMENTAUTHOR = {Dolbeault, Jean and Mouhot, Cl\'{e}ment and Schmeiser, Christian},
    AUTHOR = {Dolbeault, J. and Mouhot, C. and Schmeiser, C.},
    TITLE = {Hypocoercivity for linear kinetic equations conserving mass},
    JOURNAL = {Trans. Amer. Math. Soc.},
    FJOURNAL = {Transactions of the American Mathematical Society},
    VOLUME = {367},
    YEAR = {2015},
    NUMBER = {6},
    PAGES = {3807--3828},
    ISSN = {0002-9947},
    MRCLASS = {35F10 (35B40 35H10 82C31)},
    MRNUMBER = {3324910},
    MRREVIEWER = {Ingrid Alma Belti\c{t}\u{a}},
    DOI = {10.1090/S0002-9947-2015-06012-7},
    URL = {https://doi.org/10.1090/S0002-9947-2015-06012-7},
}

@article {MR2576899,
    COMMENTAUTHOR = {Dolbeault, Jean and Mouhot, Cl\'{e}ment and Schmeiser, Christian},
    AUTHOR = {Dolbeault, J. and Mouhot, C. and Schmeiser, C.},
    TITLE = {Hypocoercivity for kinetic equations with linear relaxation
             terms},
    JOURNAL = {C. R. Math. Acad. Sci. Paris},
    FJOURNAL = {Comptes Rendus Math\'{e}matique. Acad\'{e}mie des Sciences. Paris},
    VOLUME = {347},
    YEAR = {2009},
    NUMBER = {9-10},
    PAGES = {511--516},
    ISSN = {1631-073X},
    MRCLASS = {35F20 (82C40)},
    MRNUMBER = {2576899},
    DOI = {10.1016/j.crma.2009.02.025},
    URL = {https://doi.org/10.1016/j.crma.2009.02.025},
}

@article {MR1722275,
    COMMENTAUTHOR = {Freidlin, Mark and Weber, Matthias},
    AUTHOR = {Freidlin, M. and Weber, M.},
    TITLE = {A remark on random perturbations of the nonlinear pendulum},
    JOURNAL = {Ann. Appl. Probab.},
    FJOURNAL = {The Annals of Applied Probability},
    VOLUME = {9},
    YEAR = {1999},
    NUMBER = {3},
    PAGES = {611--628},
    ISSN = {1050-5164},
    MRCLASS = {60H10 (34C29 34F05 37H10)},
    MRNUMBER = {1722275},
    MRREVIEWER = {Andreas Hamm},
    DOI = {10.1214/aoap/1029962806},
    URL = {https://doi.org/10.1214/aoap/1029962806},
}

@article {MR1289155,
    COMMENTAUTHOR = {Bailey, David H. and Swarztrauber, Paul N.},
    AUTHOR = {Bailey, D. H. and Swarztrauber, P. N.},
    TITLE = {A fast method for the numerical evaluation of continuous
             {F}ourier and {L}aplace transforms},
    JOURNAL = {SIAM J. Sci. Comput.},
    FJOURNAL = {SIAM Journal on Scientific Computing},
    VOLUME = {15},
    YEAR = {1994},
    NUMBER = {5},
    PAGES = {1105--1110},
    ISSN = {1064-8275},
    MRCLASS = {65T20 (65R10)},
    MRNUMBER = {1289155},
    MRREVIEWER = {Vasily A. Chernecky},
    DOI = {10.1137/0915067},
    URL = {https://doi.org/10.1137/0915067},
}

@article{igarashi1988non,
    title={Non-{M}arkovian {B}rownian motion in a periodic potential},
    commentauthor={Igarashi, Akito and Munakata, Toyonori},
    author={Igarashi, A. and Munakata, T.},
    COMMENTjournal={Journal of the Physical Society of Japan},
    journal={J. Phys. Soc. Jpn.},
    volume={57},
    number={7},
    pages={2439--2447},
    year={1988},
    publisher={The Physical Society of Japan}
}

@article {igarashi1992velocity,
    AUTHOR = {Igarashi, A. and McClintock, P. V. E. and Stocks, N. G.},
    TITLE = {Velocity spectrum for non-{M}arkovian {B}rownian motion in a periodic potential},
    JOURNAL = {J. Statist. Phys.},
    FJOURNAL = {Journal of Statistical Physics},
    VOLUME = {66},
    YEAR = {1992},
    NUMBER = {3-4},
    PAGES = {1059--1070},
    ISSN = {0022-4715},
    MRCLASS = {82C31 (60K99 82C80)},
    MRNUMBER = {1151991},
    MRREVIEWER = {Cheng Xun Wu},
    DOI = {10.1007/BF01055716},
    URL = {https://doi.org/10.1007/BF01055716},
}

@article {MR2793823,
    AUTHOR = {Ottobre, M. and Pavliotis, G. A.},
    TITLE = {Asymptotic analysis for the generalized {L}angevin equation},
    JOURNAL = {Nonlinearity},
    FJOURNAL = {Nonlinearity},
    VOLUME = {24},
    YEAR = {2011},
    NUMBER = {5},
    PAGES = {1629--1653},
    ISSN = {0951-7715},
    MRCLASS = {60H10 (35H10 35R60 60F17 60J60 82C31)},
    MRNUMBER = {2793823},
    MRREVIEWER = {Dora Sele\v{s}i},
    DOI = {10.1088/0951-7715/24/5/013},
    URL = {https://doi.org/10.1088/0951-7715/24/5/013},
}

@book {MR2583642,
    COMMENTAUTHOR = {Schuss, Zeev},
    AUTHOR = {Schuss, Z.},
    TITLE = {Theory and applications of stochastic processes},
    SERIES = {Applied Mathematical Sciences},
    VOLUME = {170},
    NOTE = {An analytical approach},
    PUBLISHER = {Springer, New York},
    YEAR = {2010},
    PAGES = {xviii+468},
    ISBN = {978-1-4419-1604-4},
    MRCLASS = {60-02 (60F10 60G05 60G35 60H05 60H10 60J25 60J60)},
    MRNUMBER = {2583642},
    MRREVIEWER = {Dominique L\'{e}pingle},
    DOI = {10.1007/978-1-4419-1605-1},
    URL = {https://doi.org/10.1007/978-1-4419-1605-1},
}

@article{pavliotis2005multiscale,
    title={A multiscale approach to Brownian motors},
    author={Pavliotis, G. A.},
    journal={Phys. Lett. A},
    volume={344},
    number={5},
    pages={331--345},
    year={2005},
    publisher={Elsevier}
}

@article {MR1895137,
    COMMENTAUTHOR = {Reimann, Peter},
    AUTHOR = {Reimann, P.},
    TITLE = {Brownian motors: noisy transport far from equilibrium},
    JOURNAL = {Phys. Rep.},
    FJOURNAL = {Physics Reports. A Review Section of Physics Letters},
    VOLUME = {361},
    YEAR = {2002},
    NUMBER = {2-4},
    PAGES = {57--265},
    ISSN = {0370-1573},
    MRCLASS = {82C70 (82-02)},
    MRNUMBER = {1895137},
    DOI = {10.1016/S0370-1573(01)00081-3},
    URL = {https://doi.org/10.1016/S0370-1573(01)00081-3},
}

@article{gomer1990diffusion,
    title={Diffusion of adsorbates on metal surfaces},
    author={Gomer, R.},
    journal={Rep. Prog. Phys.},
    volume={53},
    number={7},
    pages={917},
    year={1990},
    publisher={IOP Publishing}
}

@book {MR0158437,
    AUTHOR = {Stratonovich, R. L.},
    TITLE = {Topics in the Theory of Random Noise. {V}ol. {I}},
    PUBLISHER = {Gordon and Breach Science Publishers, New York},
    YEAR = {1963},
}
    %NOTE = {Revised English edition. Translated from the Russian by Richard A. Silverman},

@book {strat2,
    AUTHOR = {Stratonovich, R. L.},
    TITLE = {Topics in the theory of random noise. {V}ol. {II}},
    PUBLISHER = {Gordon and Breach Science Publishers, New York},
    YEAR = {1967},
}
    %NOTE = {Revised English edition. Translated from the Russian by Richard A. Silverman},

@book{barone1982physics,
    title={Physics and Applications of the Josephson Effect},
    author={Barone, A. and Paterno, G.},
    year={1982},
    publisher={Wiley, New York}
}

@book {MR987631,
    AUTHOR = {Risken, H.},
    TITLE = {The {F}okker-{P}lanck Equation},
    SERIES = {Springer Series in Synergetics},
    VOLUME = {18},
    EDITION = {Second},
    PUBLISHER = {Springer-Verlag, Berlin},
    YEAR = {1989},
}

@phdthesis{ottobre2012asymptotic,
    title={Asymptotic Analysis for {M}arkovian Models in Non-Equilibrium Statistical Mechanics},
    author={Ottobre, M.},
    year={2012},
    school={Imperial College London}
}

@Misc{scipy,
    COMMENTAUTHOR = {Eric Jones and Travis Oliphant and Pearu Peterson and others},
    AUTHOR = {Jones, E. and Oliphant, T. and Peterson, P. and others},
    TITLE = {{SciPy}: Open source scientific tools for {Python}},
    YEAR = {2001--2018},
    URL = "http://www.scipy.org/",
}

@book {lorenzi2006analytical,
    AUTHOR = {Lorenzi, L. and Bertoldi, M.},
    TITLE = {Analytical Methods for Markov Semigroups},
    SERIES = {Pure and Applied Mathematics (Boca Raton)},
    VOLUME = {283},
    PUBLISHER = {Chapman \& Hall/CRC, Boca Raton, FL},
    YEAR = {2007},
    PAGES = {xxxii+526},
    ISBN = {978-1-58488-659-4; 1-58488-659-5},
    MRCLASS = {47D07 (35-02 35J25 60H10 60J25 60J35 60J60)},
    MRNUMBER = {2313847},
    MRREVIEWER = {Wilhelm Stannat},
}

@article {mori1965continued,
    AUTHOR = {Mori, H.},
    COMMENTAUTHOR = {Mori, Hazime},
    TITLE = {A continued-fraction representation of the time-correlation functions},
    JOURNAL = {Progr. Theoret. Phys.},
    VOLUME = {34},
    YEAR = {1965},
    PAGES = {399--416},
}

@incollection {MR2248987,
    author = {Rey-Bellet, L.},
    title = {Open classical systems},
    booktitle = {Open Quantum Systems II},
    publisher = {Springer},
    year = {2006},
    editor = {Attal, S. and Joye, A. and Pillet, C.-A.},
    volume = {1881},
    series = {Lecture Notes in Mathematics},
    PAGES = {41--78},
}

@INCOLLECTION{rey-bellet,
    author = {Rey-Bellet, L.},
    title = {Ergodic Properties of {M}arkov Processes},
    booktitle = {Open Quantum Systems II},
    publisher = {Springer},
    year = {2006},
    editor = {Attal, S. and Joye, A. and Pillet, C.-A.},
    volume = {1881},
    series = {Lecture Notes in Mathematics},
    pages = {1-39},
}

@article {MR2032133,
    AUTHOR = {Kupferman, R.},
    TITLE = {Fractional kinetics in {K}ac-{Z}wanzig heat bath models},
    JOURNAL = {J. Statist. Phys.},
    FJOURNAL = {Journal of Statistical Physics},
    VOLUME = {114},
    YEAR = {2004},
    NUMBER = {1-2},
    PAGES = {291--326},
    ISSN = {0022-4715},
    MRCLASS = {82C31},
    MRNUMBER = {2032133},
    DOI = {10.1023/B:JOSS.0000003113.22621.f0},
    URL = {https://doi.org/10.1023/B:JOSS.0000003113.22621.f0},
}


@book {MR1886588,
    AUTHOR = {Arendt, W. and Batty, C. J. K. and Hieber, M. and Neubrander, F.},
    COMMENTAUTHOR = {Arendt, Wolfgang and Batty, Charles J. K. and Hieber, Matthias
                     and Neubrander, Frank},
    TITLE = {Vector-valued {L}aplace transforms and {C}auchy problems},
    SERIES = {Monographs in Mathematics},
    VOLUME = {96},
    PUBLISHER = {Birkh\"{a}user Verlag, Basel},
    YEAR = {2001},
    PAGES = {xii+523},
    ISBN = {3-7643-6549-8},
    MRCLASS = {47D06 (34G10 35A22 35B15 35B40 44A10)},
    MRNUMBER = {1886588},
    MRREVIEWER = {Roland Schnaubelt},
    DOI = {10.1007/978-3-0348-5075-9},
    URL = {https://doi.org/10.1007/978-3-0348-5075-9},
}

@article {MR3342487,
    AUTHOR = {Ottobre, M. and Pavliotis, G. A. and Pravda-Starov, K.},
    TITLE = {Some remarks on degenerate hypoelliptic {O}rnstein--{U}hlenbeck
             operators},
    JOURNAL = {J. Math. Anal. Appl.},
    FJOURNAL = {Journal of Mathematical Analysis and Applications},
    VOLUME = {429},
    YEAR = {2015},
    NUMBER = {2},
    PAGES = {676--712},
    ISSN = {0022-247X},
    MRCLASS = {47F05 (35H20 35J70)},
    MRNUMBER = {3342487},
    MRREVIEWER = {Sascha Trostorff},
    DOI = {10.1016/j.jmaa.2015.04.019},
    URL = {https://doi.org/10.1016/j.jmaa.2015.04.019},
}

@article {MR812349,
    AUTHOR = {Papanicolaou, G. and Varadhan, S. R. S.},
    TITLE = {Ornstein-{U}hlenbeck process in a random potential},
    JOURNAL = {Comm. Pure Appl. Math.},
    FJOURNAL = {Communications on Pure and Applied Mathematics},
    VOLUME = {38},
    YEAR = {1985},
    NUMBER = {6},
    PAGES = {819--834},
    ISSN = {0010-3640},
    MRCLASS = {60J60},
    MRNUMBER = {812349},
    MRREVIEWER = {Mich\`ele Mastrangelo-Dehen},
    DOI = {10.1002/cpa.3160380611},
    URL = {https://doi.org/10.1002/cpa.3160380611},
}


@misc{hermipy,
    AUTHOR = {Vaes, U.},
    TITLE = {A Python library for the {H}ermite spectral method},
    YEAR = {2018},
    PUBLISHER = {GitHub},
    JOURNAL = {GitHub repository},
    HOWPUBLISHED = {\url{https://github.com/urbainvaes/hermipy}},
}

@article {MR2719535,
    AUTHOR = {Dogb\'{e}, C.},
    TITLE = {Modeling crowd dynamics by the mean-field limit approach},
    JOURNAL = {Math. Comput. Modelling},
    FJOURNAL = {Mathematical and Computer Modelling},
    VOLUME = {52},
    YEAR = {2010},
    NUMBER = {9-10},
    PAGES = {1506--1520},
    ISSN = {0895-7177},
    MRCLASS = {91D10 (91A23)},
    MRNUMBER = {2719535},
    DOI = {10.1016/j.mcm.2010.06.012},
    COMMENTURL = {https://doi.org/10.1016/j.mcm.2010.06.012},
}

@article {Dawson1983,
    COMMENTAUTHOR = {Dawson, Donald A.},
    AUTHOR = {Dawson, D. A.},
    TITLE = {Critical dynamics and fluctuations for a mean-field model of cooperative behavior},
    JOURNAL = {J. Statist. Phys.},
    FJOURNAL = {Journal of Statistical Physics},
    VOLUME = {31},
    YEAR = {1983},
    NUMBER = {1},
    PAGES = {29--85},
    ISSN = {0022-4715},
    MRCLASS = {82A25 (60K35)},
    MRNUMBER = {711469},
    MRREVIEWER = {Ronald F. Fox},
    DOI = {10.1007/BF01010922},
    COMMENTURL = {https://doi.org/10.1007/BF01010922},
}

@article {GPY2017,
    COMMENTAUTHOR = {Garnier, Josselin and Papanicolaou, George and Yang, Tzu-Wei},
    AUTHOR = {Garnier, J. and Papanicolaou, G. and Yang, T-W},
    TITLE = {Consensus convergence with stochastic effects},
    JOURNAL = {Vietnam J. Math.},
    FJOURNAL = {Vietnam Journal of Mathematics},
    VOLUME = {45},
    YEAR = {2017},
    NUMBER = {1-2},
    PAGES = {51--75},
    ISSN = {2305-221X},
    MRCLASS = {92D25 (35Q84 60K35 82C31)},
    MRNUMBER = {3600416},
    DOI = {10.1007/s10013-016-0190-2},
    COMMENTURL = {https://doi.org/10.1007/s10013-016-0190-2},
}

@article {GPY2012,
    COMMENTAUTHOR = {Garnier, Josselin and Papanicolaou, George and Yang, Tzu-Wei},
    AUTHOR = {Garnier, J. and Papanicolaou, G. and Yang, T.-W.},
    TITLE = {Large deviations for a mean field model of systemic risk},
    JOURNAL = {SIAM J. Financial Math.},
    FJOURNAL = {SIAM Journal on Financial Mathematics},
    VOLUME = {4},
    YEAR = {2013},
    NUMBER = {1},
    PAGES = {151--184},
    ISSN = {1945-497X},
    MRCLASS = {60F10 (60K35 82C26 91B30)},
    MRNUMBER = {3032938},
    MRREVIEWER = {Ya. \={I}. B\={i}lopol\cprime s\cprime ka},
    DOI = {10.1137/12087387X},
    COMMENTURL = {https://doi.org/10.1137/12087387X},
}

@article {MR3816413,
    COMMENTAUTHOR = {Breiten, Tobias and Kunisch, Karl and Pfeiffer, Laurent},
    AUTHOR = {Breiten, T. and Kunisch, K. and Pfeiffer, L.},
    TITLE = {Control strategies for the {F}okker-{P}lanck equation},
    JOURNAL = {ESAIM Control Optim. Calc. Var.},
    FJOURNAL = {ESAIM. Control, Optimisation and Calculus of Variations},
    VOLUME = {24},
    YEAR = {2018},
    NUMBER = {2},
    PAGES = {741--763},
    ISSN = {1292-8119},
    MRCLASS = {93D15 (35K20 35Q84 49J20 60H10 93C20)},
    MRNUMBER = {3816413},
    MRREVIEWER = {Kim Dang Phung},
    DOI = {10.1051/cocv/2017046},
    COMMENTURL = {https://doi.org/10.1051/cocv/2017046},
}

@article {MR3917453,
    COMMENTAUTHOR = {Breiten, Tobias and Kunisch, Karl and Pfeiffer, Laurent},
    AUTHOR = {Breiten, T. and Kunisch, K. and Pfeiffer, L.},
    TITLE = {Numerical study of polynomial feedback laws for a bilinear
             control problem},
    JOURNAL = {Math. Control Relat. Fields},
    FJOURNAL = {Mathematical Control and Related Fields},
    VOLUME = {8},
    YEAR = {2018},
    NUMBER = {3-4},
    PAGES = {557--582},
    ISSN = {2156-8472},
    MRCLASS = {49N35 (49J20 49M30 93B40 93B52)},
    MRNUMBER = {3917453},
    MRREVIEWER = {M. Krastanov},
}

@article {MR3082649,
    AUTHOR = {Leli\`evre, T. and Nier, F. and Pavliotis, G. A.},
    TITLE = {Optimal non-reversible linear drift for the convergence to
             equilibrium of a diffusion},
    JOURNAL = {J. Stat. Phys.},
    FJOURNAL = {Journal of Statistical Physics},
    VOLUME = {152},
    YEAR = {2013},
    NUMBER = {2},
    PAGES = {237--274},
    ISSN = {0022-4715},
    MRCLASS = {60J60 (35R60 65C20)},
    MRNUMBER = {3082649},
    MRREVIEWER = {Ross Pinsky},
    DOI = {10.1007/s10955-013-0769-x},
    COMMENTURL = {https://doi.org/10.1007/s10955-013-0769-x},
}

@article {MR2394704,
    AUTHOR = {Hairer, M. and Pavliotis, G. A.},
    TITLE = {From ballistic to diffusive behavior in periodic potentials},
    JOURNAL = {J. Stat. Phys.},
    FJOURNAL = {Journal of Statistical Physics},
    VOLUME = {131},
    YEAR = {2008},
    NUMBER = {1},
    PAGES = {175--202},
    ISSN = {0022-4715},
    MRCLASS = {82C31 (37H10 60H10 82C80)},
    MRNUMBER = {2394704},
    MRREVIEWER = {Kiyomasa Narita},
    DOI = {10.1007/s10955-008-9493-3},
    COMMENTURL = {https://doi.org/10.1007/s10955-008-9493-3},
}

@article {MR3509213,
    COMMENTAUTHOR = {Leli{\`e}vre, Tony and Stoltz, Gabriel},
    AUTHOR = {Leli{\`e}vre, T. and Stoltz, G.},
    TITLE = {Partial differential equations and stochastic methods in
             molecular dynamics},
    JOURNAL = {Acta Numer.},
    FJOURNAL = {Acta Numerica},
    VOLUME = {25},
    YEAR = {2016},
    PAGES = {681--880},
    ISSN = {0962-4929},
    MRCLASS = {Preliminary Data},
    MRNUMBER = {3509213},
    DOI = {10.1017/S0962492916000039},
    COMMENTURL = {http://dx.doi.org/10.1017/S0962492916000039},
}

@article {LMS16,
    AUTHOR = {Leimkuhler, B. and Matthews, C. and Stoltz, G.},
    TITLE = {The computation of averages from equilibrium and
             nonequilibrium {L}angevin molecular dynamics},
    JOURNAL = {IMA J. Numer. Anal.},
    FJOURNAL = {IMA Journal of Numerical Analysis},
    VOLUME = {36},
    YEAR = {2016},
    NUMBER = {1},
    PAGES = {13--79},
    ISSN = {0272-4979},
    MRCLASS = {65C30 (60H10 60H35 80A10 82C31)},
    MRNUMBER = {3463433},
    MRREVIEWER = {Mikhail V. Tretyakov},
    DOI = {10.1093/imanum/dru056},
    COMMENTURL = {https://doi.org/10.1093/imanum/dru056},
}

@article {FS17,
    AUTHOR = {Fathi, M. and Stoltz, G.},
    TITLE = {Improving dynamical properties of metropolized discretizations
             of overdamped {L}angevin dynamics},
    JOURNAL = {Numer. Math.},
    FJOURNAL = {Numerische Mathematik},
    VOLUME = {136},
    YEAR = {2017},
    NUMBER = {2},
    PAGES = {545--602},
    ISSN = {0029-599X},
    MRCLASS = {65C30 (65C05 82C70)},
    MRNUMBER = {3648098},
    MRREVIEWER = {Haziem Mohammad Hazaimeh},
    DOI = {10.1007/s00211-016-0849-3},
    COMMENTURL = {https://doi.org/10.1007/s00211-016-0849-3},
}

@article {MR3925138,
    AUTHOR = {Iacobucci, A. and Olla, S. and Stoltz, G.},
    TITLE = {Convergence rates for nonequilibrium {L}angevin dynamics},
    JOURNAL = {Ann. Math. Qu\'{e}.},
    FJOURNAL = {Annales Math\'{e}matiques du Qu\'{e}bec},
    VOLUME = {43},
    YEAR = {2019},
    NUMBER = {1},
    PAGES = {73--98},
    ISSN = {2195-4755},
    MRCLASS = {82C31 (35H10 65N35)},
    MRNUMBER = {3925138},
    DOI = {10.1007/s40316-017-0091-0},
    URL = {https://doi.org/10.1007/s40316-017-0091-0},
}

@article {MR2034753,
    AUTHOR = {H\'{e}rau, F. and Nier, F.},
    TITLE = {Isotropic hypoellipticity and trend to equilibrium for the
             {F}okker-{P}lanck equation with a high-degree potential},
    JOURNAL = {Arch. Ration. Mech. Anal.},
    FJOURNAL = {Archive for Rational Mechanics and Analysis},
    VOLUME = {171},
    YEAR = {2004},
    NUMBER = {2},
    PAGES = {151--218},
    ISSN = {0003-9527},
    MRCLASS = {82C31 (35F10 35H10)},
    MRNUMBER = {2034753},
    MRREVIEWER = {C\'{e}dric Villani},
    DOI = {10.1007/s00205-003-0276-3},
    URL = {https://doi.org/10.1007/s00205-003-0276-3},
}

@article {MR1924934,
    AUTHOR = {Talay, D.},
    TITLE = {Stochastic {H}amiltonian systems: exponential convergence to the invariant measure, and discretization by the implicit {E}uler scheme},
    JOURNAL = {Markov Proc. Rel. Fields},
    VOLUME = {8},
    YEAR = {2002},
    NUMBER = {2},
    PAGES = {163--198},
}

@phdthesis{thesis_urbain,
    title={Topics in Multiscale Modelling: Numerical Analysis and Applications},
    author={Vaes, U.},
    year={2019},
    school={Imperial College London}
}

@article {MR1941990,
    AUTHOR = {Metafune, G. and Pallara, D. and Priola, E.},
    TITLE = {Spectrum of {O}rnstein-{U}hlenbeck operators in {$L^p$} spaces
             with respect to invariant measures},
    JOURNAL = {J. Funct. Anal.},
    FJOURNAL = {Journal of Functional Analysis},
    VOLUME = {196},
    YEAR = {2002},
    NUMBER = {1},
    PAGES = {40--60},
    ISSN = {0022-1236},
    MRCLASS = {47D07},
    MRNUMBER = {1941990},
    MRREVIEWER = {Vladimir I. Bogachev},
    DOI = {10.1006/jfan.2002.3978},
    URL = {https://doi.org/10.1006/jfan.2002.3978},
}

@article {Kopec2015,
    AUTHOR = {Kopec, M.},
    TITLE = {Weak backward error analysis for {L}angevin process},
    JOURNAL = {BIT},
    FJOURNAL = {BIT. Numerical Mathematics},
    VOLUME = {55},
    YEAR = {2015},
    NUMBER = {4},
    PAGES = {1057--1103},
    ISSN = {0006-3835},
    MRCLASS = {65C30 (37M25 60H10 60H35)},
    MRNUMBER = {3434031},
    MRREVIEWER = {Mikhail V. Tretyakov},
    DOI = {10.1007/s10543-015-0546-0},
    URL = {https://doi.org/10.1007/s10543-015-0546-0},
}

@article {MR2899986,
    AUTHOR = {Ottobre, M. and Pavliotis, G. A. and Pravda-Starov, K.},
    TITLE = {Exponential return to equilibrium for hypoelliptic quadratic
             systems},
    JOURNAL = {J. Funct. Anal.},
    FJOURNAL = {Journal of Functional Analysis},
    VOLUME = {262},
    YEAR = {2012},
    NUMBER = {9},
    PAGES = {4000--4039},
    ISSN = {0022-1236},
    MRCLASS = {35S10 (35H10 35P05 47D06)},
    MRNUMBER = {2899986},
    MRREVIEWER = {Sergio Polidoro},
    DOI = {10.1016/j.jfa.2012.02.008},
    URL = {https://doi.org/10.1016/j.jfa.2012.02.008},
}

@article {roussel2017perturbative,
    AUTHOR = {Roussel, J. and Stoltz, G.},
    TITLE = {A perturbative approach to control variates in molecular
             dynamics},
    JOURNAL = {Multiscale Model. Simul.},
    FJOURNAL = {Multiscale Modeling \& Simulation. A SIAM Interdisciplinary
                Journal},
    VOLUME = {17},
    YEAR = {2019},
    NUMBER = {1},
    PAGES = {552--591},
    ISSN = {1540-3459},
    MRCLASS = {82C80 (65C30)},
    MRNUMBER = {3932612},
    DOI = {10.1137/18M1171047},
    URL = {https://doi.org/10.1137/18M1171047},
}

@article {MR1918120,
    AUTHOR = {Kierzenka, J. and Shampine, L. F.},
    TITLE = {A {BVP} solver based on residual control and the {MATLAB} {PSE}},
    JOURNAL = {ACM Trans. Math. Software},
    FJOURNAL = {Association for Computing Machinery. Transactions on
                Mathematical Software},
    VOLUME = {27},
    YEAR = {2001},
    NUMBER = {3},
    PAGES = {299--316},
    ISSN = {0098-3500},
    MRCLASS = {65L10 (65-04)},
    MRNUMBER = {1918120},
    DOI = {10.1145/502800.502801},
    URL = {https://doi.org/10.1145/502800.502801},
}

@ARTICLE{2020arXiv200306448C,
    COMMENTAUTHOR = {{Chak}, Martin and {Kantas}, Nikolas and {Pavliotis}, Grigorios A.},
    AUTHOR = {{Chak}, M. and {Kantas}, N. and {Pavliotis}, G. A.},
    TITLE = "On the generalised {L}angevin equation for simulated annealing",
    JOURNAL = {arXiv preprint},
    YEAR = 2020,
    volume = {2003.06448},
}

@incollection {MR3986068,
    AUTHOR = {Leimkuhler, B. and Sachs, M.},
    TITLE = {Ergodic properties of quasi-{M}arkovian generalized {L}angevin
             equations with configuration dependent noise and
             non-conservative force},
    BOOKTITLE = {Stochastic dynamics out of equilibrium},
    EDITOR = {G. Giacomin and S. Olla and E. Saada and H. Spohn and G. Stoltz},
    SERIES = {Springer Proc. Math. Stat.},
    VOLUME = {282},
    PAGES = {282--330},
    PUBLISHER = {Springer, Cham},
    YEAR = {2019},
}

@article {MR1931266,
    AUTHOR = {Mattingly, J. C. and Stuart, A. M. and Higham, D. J.},
    TITLE = {Ergodicity for {SDE}s and approximations: locally {L}ipschitz
             vector fields and degenerate noise},
    JOURNAL = {Stochastic Process. Appl.},
    FJOURNAL = {Stochastic Processes and their Applications},
    VOLUME = {101},
    YEAR = {2002},
    NUMBER = {2},
    PAGES = {185--232},
    ISSN = {0304-4149},
    MRCLASS = {60H10 (34F05 37H10 60J35)},
    MRNUMBER = {1931266},
    MRREVIEWER = {Jan I. Seidler},
    DOI = {10.1016/S0304-4149(02)00150-3},
    URL = {https://doi.org/10.1016/S0304-4149(02)00150-3},
}

@article {MR2097022,
    AUTHOR = {Givon, D. and Kupferman, R. and Stuart, A.},
    TITLE = {Extracting macroscopic dynamics: model problems and
             algorithms},
    JOURNAL = {Nonlinearity},
    FJOURNAL = {Nonlinearity},
    VOLUME = {17},
    YEAR = {2004},
    NUMBER = {6},
    PAGES = {R55--R127},
    ISSN = {0951-7715},
    MRCLASS = {82C80 (37M05 60H10 60H30 70H05 82C05)},
    MRNUMBER = {2097022},
    MRREVIEWER = {Gazanfer \"{U}nal},
    DOI = {10.1088/0951-7715/17/6/R01},
    URL = {https://doi.org/10.1088/0951-7715/17/6/R01},
}

    Entries not from Mathscinet
    ===========================

@article{zwanzig1973nonlinear,
    title={Nonlinear generalized {L}angevin equations},
    author={Zwanzig, R.},
    journal={J. Stat. Phys.},
    volume={9},
    number={3},
    pages={215--220},
    year={1973},
    publisher={Springer}
}

@article{mori1,
    AUTHOR = {Mori, H.},
    TITLE = {Transport, collective motion, and {B}rownian motion},
    JOURNAL = {Progr. Theoret. Phys.},
    VOLUME = {33},
    NUMBER = {3},
    PAGES = {423-455},
    YEAR = {1965},
}

@article{doll1975generalized,
    title={{G}eneralized {L}angevin equation approach for atom/solid-surface scattering: {I}nelastic studies},
    author={Doll, J. D. and Myers, L. E. and Adelman, S. A.},
    journal={J. Chem. Phys.},
    volume={63},
    number={11},
    pages={4908--4914},
    year={1975},
    publisher={American Institute of Physics}
}

@inproceedings{gidas1985global,
    title={Global optimization via the {L}angevin equation},
    author={Gidas, B.},
    booktitle={1985 24th IEEE Conference on Decision and Control},
    pages={774--778},
    year={1985},
    organization={IEEE}
}

@article{hijon2010mori,
    TITLE={{M}ori--{Z}wanzig formalism as a practical computational tool},
    AUTHOR={Hij{\'o}n, C. and Espa{\~n}ol, P. and Vanden-Eijnden, E. and Delgado-Buscalioni, R.},
    JOURNAL={Faraday discussions},
    VOLUME={144},
    PAGES={301--322},
    YEAR={2010},
    PUBLISHER={Royal Society of Chemistry}
}

@article{PhysRevLett.102.020601,
    TITLE = {Langevin equation with colored noise for constant-temperature molecular dynamics simulations},
    AUTHOR = {Ceriotti, M. and Bussi, G. and Parrinello, M.},
    JOURNAL = {Phys. Rev. Lett.},
    VOLUME = {102},
    ISSUE = {2},
    PAGES = {020601},
    NUMPAGES = {4},
    YEAR = {2009},
    PUBLISHER = {American Physical Society},
    DOI = {10.1103/PhysRevLett.102.020601},
    URL = {https://link.aps.org/doi/10.1103/PhysRevLett.102.020601}
}

@phdthesis{ceriotti2010novel,
    title={A Novel Framework for Enhanced Molecular Dynamics Based on the Generalized {L}angevin Equation},
    author={Ceriotti, M.},
    year={2010},
    school={ETH Zurich}
}

@article{ceriotti2010colored,
    title={Colored-noise thermostats {\`a} la carte},
    author={Ceriotti, M. and Bussi, G. and Parrinello, M.},
    journal={Journal of Chemical Theory and Computation},
    volume={6},
    number={4},
    pages={1170--1180},
    year={2010},
    publisher={ACS Publications}
}

@book{snook2006langevin,
    title={{T}he {L}angevin and Generalised {L}angevin Approach to the Dynamics of Atomic, Polymeric and Colloidal Systems},
    author={Snook, I.},
    year={2006},
    publisher={Elsevier}
}

@article {MR1764365,
    AUTHOR = {Eckmann, J.-P. and Hairer, M.},
    TITLE = {Non-equilibrium statistical mechanics of strongly anharmonic
             chains of oscillators},
    JOURNAL = {Comm. Math. Phys.},
    FJOURNAL = {Communications in Mathematical Physics},
    VOLUME = {212},
    YEAR = {2000},
    NUMBER = {1},
    PAGES = {105--164},
    ISSN = {0010-3616},
    MRCLASS = {82C05 (82C31 82C70)},
    MRNUMBER = {1764365},
    MRREVIEWER = {Giambattista Giacomin},
    DOI = {10.1007/s002200000216},
    URL = {https://doi.org/10.1007/s002200000216},
}

@article {MR1705589,
    AUTHOR = {Eckmann, J.-P. and Pillet, C.-A. and Rey-Bellet, L.},
    TITLE = {Entropy production in nonlinear, thermally driven
             {H}amiltonian systems},
    JOURNAL = {J. Statist. Phys.},
    FJOURNAL = {Journal of Statistical Physics},
    VOLUME = {95},
    YEAR = {1999},
    NUMBER = {1-2},
    PAGES = {305--331},
    ISSN = {0022-4715},
    MRCLASS = {82C70 (82C31)},
    MRNUMBER = {1705589},
    MRREVIEWER = {Nikolai Chernov},
    DOI = {10.1023/A:1004537730090},
    URL = {https://doi.org/10.1023/A:1004537730090},
}

@article {MR1685893,
    AUTHOR = {Eckmann, J.-P. and Pillet, C.-A. and Rey-Bellet, L.},
    TITLE = {Non-equilibrium statistical mechanics of anharmonic chains
             coupled to two heat baths at different temperatures},
    JOURNAL = {Comm. Math. Phys.},
    FJOURNAL = {Communications in Mathematical Physics},
    VOLUME = {201},
    YEAR = {1999},
    NUMBER = {3},
    PAGES = {657--697},
    ISSN = {0010-3616},
    MRCLASS = {82C05},
    MRNUMBER = {1685893},
    MRREVIEWER = {Giambattista Giacomin},
    DOI = {10.1007/s002200050572},
    URL = {https://doi.org/10.1007/s002200050572},
}

@article {MR1889227,
    AUTHOR = {Rey-Bellet, L. and Thomas, L. E.},
    TITLE = {Exponential convergence to non-equilibrium stationary states in classical statistical mechanics},
    JOURNAL = {Comm. Math. Phys.},
    FJOURNAL = {Communications in Mathematical Physics},
    VOLUME = {225},
    YEAR = {2002},
    NUMBER = {2},
    PAGES = {305--329},
    ISSN = {0010-3616},
    MRCLASS = {82C05 (82C21)},
    MRNUMBER = {1889227},
    MRREVIEWER = {Giambattista Giacomin},
    DOI = {10.1007/s002200100583},
    URL = {https://doi.org/10.1007/s002200100583},
}

@article {MR1924935,
    AUTHOR = {Mattingly, J. C. and Stuart, A. M.},
    TITLE = {Geometric ergodicity of some hypo-elliptic diffusions for particle motions},
    JOURNAL = {Markov Proc. Rel. Fields},
    VOLUME = {8},
    YEAR = {2002},
    NUMBER = {2},
    PAGES = {199--214},
}

@incollection {MR2857021,
    AUTHOR = {Hairer, M. and Mattingly, J. C.},
    TITLE = {Yet another look at {H}arris' ergodic theorem for {M}arkov
             chains},
    BOOKTITLE = {Seminar on {S}tochastic {A}nalysis, {R}andom {F}ields and
                 {A}pplications {VI}},
    SERIES = {Progr. Probab.},
    VOLUME = {63},
    PAGES = {109--117},
    PUBLISHER = {Birkh\"{a}user/Springer Basel AG, Basel},
    YEAR = {2011},
}

@article {LindquistPicci1985,
    AUTHOR = {Lindquist, A. and Picci, G.},
    TITLE = {Realization theory for multivariate stationary {G}aussian processes},
    JOURNAL = {SIAM J. Control Optim.},
    FJOURNAL = {SIAM Journal on Control and Optimization},
    VOLUME = {23},
    YEAR = {1985},
    NUMBER = {6},
    PAGES = {809--857},
    ISSN = {0363-0129},
    CODEN = {SJCODE},
    MRCLASS = {93E03 (60G15)},
    MRNUMBER = {809539 (87a:93056)},
    MRREVIEWER = {Jan H. van Schuppen},
    DOI = {10.1137/0323050},
    URL = {http://dx.doi.org/10.1137/0323050},
}

@Article{sancho_al04a,
    author = {J. M. Sancho and A. M. Lacasta and K. Lindenberg and I. M. Sokolov and A. H. Romero},
    title = {Diffusion on a solid Surface: anomalous is normal},
    journal = {Phys. Rev. Lett.},
    year = 2004,
    volume = 92,
    number = 25,
    pages = {250601}
}

@Article{sancho_al04b,
    author = {A. M. Lacasta and J. M. Sancho and A. H. Romero and I. M. Sokolov and  K. Lindenberg  },
    title = {From Subdiffusion to superdiffusion of particles on solid surfaces},
    journal = {Phys. Rev. E},
    year = 2004,
    volume = 70,
    pages = {051104}
}

@book {MR0214150,
    AUTHOR = {Nelson, E.},
    TITLE = {Dynamical {T}heories of {B}rownian {M}otion},
    PUBLISHER = {Princeton University Press, Princeton, N.J.},
    YEAR = {1967},
    MRCLASS = {60.62 (82.00)},
    MRNUMBER = {0214150},
    MRREVIEWER = {H. P. McKean, Jr.},
}

@article {MR4054345,
    AUTHOR = {Rousset, Mathias and Xu, Yushun and Zitt, Pierre-Andr\'{e}},
    TITLE = {A weak overdamped limit theorem for {L}angevin processes},
    JOURNAL = {ALEA Lat. Am. J. Probab. Math. Stat.},
    FJOURNAL = {ALEA. Latin American Journal of Probability and Mathematical
                Statistics},
    VOLUME = {17},
    YEAR = {2020},
    NUMBER = {1},
    PAGES = {1--21},
    MRCLASS = {60J60 (60F17)},
    MRNUMBER = {4054345},
    MRREVIEWER = {Antoine J. Lejay},
    DOI = {10.30757/alea.v17-01},
    URL = {https://doi-org.extranet.enpc.fr/10.30757/alea.v17-01},
}

@article {MR918689,
    AUTHOR = {Wycoff, David and Balazs, N. L.},
    TITLE = {Multiple time scales analysis for the
             {K}ramers-{C}handrasekhar equation},
    JOURNAL = {Phys. A},
    FJOURNAL = {Physica A},
    VOLUME = {146},
    YEAR = {1987},
    NUMBER = {1-2},
    PAGES = {175--200},
    ISSN = {0378-4371},
    MRCLASS = {82A31 (34C29 82A35)},
    MRNUMBER = {918689},
    MRREVIEWER = {B. H. Lavenda},
    DOI = {10.1016/0378-4371(87)90227-5},
    URL = {https://doi.org/10.1016/0378-4371(87)90227-5},
}

@article {MR496218,
    AUTHOR = {Titulaer, U. M.},
    TITLE = {A systematic solution procedure for the {F}okker-{P}lanck
             equation of a {B}rownian particle in the high-friction case},
    JOURNAL = {Phys. A},
    FJOURNAL = {Physica A},
    VOLUME = {91},
    YEAR = {1978},
    NUMBER = {3-4},
    PAGES = {321--344},
    ISSN = {0378-4371},
    MRCLASS = {82.35},
    MRNUMBER = {496218},
    MRREVIEWER = {G. V. Ramanathan},
    DOI = {10.1016/0378-4371(78)90182-6},
    URL = {https://doi.org/10.1016/0378-4371(78)90182-6},
}

@book {MR2681239,
    AUTHOR = {Leli\`evre, Tony and Rousset, Mathias and Stoltz, Gabriel},
    TITLE = {Free {E}nergy {C}omputations: {A} {M}athematical {P}erspective},
    PUBLISHER = {Imperial College Press, London},
    YEAR = {2010},
    ISBN = {978-1-84816-247-1; 1-84816-247-2},
    MRCLASS = {82C80 (60H10 65C30 82C31)},
    MRNUMBER = {2681239},
    MRREVIEWER = {Luc Rey-Bellet},
    DOI = {10.1142/9781848162488},
    URL = {https://doi.org/10.1142/9781848162488},
}

@article{chen1996surface,
    title={Surface diffusion in the low-friction limit: {O}ccurrence of long jumps},
    author={Chen, L. Y. and Baldan, M. R. and Ying, S. C.},
    journal={Phys. Rev. B},
    volume={54},
    number={12},
    pages={8856},
    year={1996},
    doi={10.1103/PhysRevB.54.8856},
    publisher={APS}
}

@Article{Braun02,
    Title = {Role of long jumps in surface diffusion},
    Author = {Braun, O. M. and Ferrando, R.},
    Journal= {Phys. Rev. E},
    Year = {2002},
    Pages = {061107},
    Volume = {65},
    % Issue = {6},
    Numpages = {11},
    doi = {10.1103/PhysRevE.65.061107},
    Publisher = {American Physical Society},
}

@phdthesis{roussel_thesis,
    title={Theoretical and Numerical Analysis of Non-Reversible Dynamics in Computational Statistical Physics},
    author={Julien Roussel},
    year={2018},
    school={UniversitÃ© Paris-Est},
}

@article {GPGSUV21,
    AUTHOR = {Pavliotis, G. A. and Stoltz, G. and Vaes, U.},
    TITLE = {Scaling limits for the generalized {L}angevin equation},
    JOURNAL = {J. Nonlinear Sci.},
    FJOURNAL = {Journal of Nonlinear Science},
    VOLUME = {31},
    YEAR = {2021},
    NUMBER = {1},
    PAGES = {Paper No. 8},
    ISSN = {0938-8974},
    MRCLASS = {Prelim},
    MRNUMBER = {4195749},
    DOI = {10.1007/s00332-020-09671-4},
    URL = {https://doi-org.extranet.enpc.fr/10.1007/s00332-020-09671-4},
}

@book {MR2380366,
    AUTHOR = {Mao, X.},
    TITLE = {Stochastic {D}ifferential {E}quations and {A}pplications},
    EDITION = {Second},
    PUBLISHER = {Horwood Publishing Limited, Chichester},
    YEAR = {2008},
    ISBN = {978-1-904275-34-3},
    MRCLASS = {60-02 (34F05 34K50 60H10 60H30 91B28)},
    MRNUMBER = {2380366},
    DOI = {10.1533/9780857099402},
    URL = {https://doi.org/10.1533/9780857099402},
}

@article {MR2029590,
    AUTHOR = {Pavliotis, G. A. and Stuart, A. M.},
    TITLE = {White noise limits for inertial particles in a random field},
    JOURNAL = {Multiscale Model. Simul.},
    FJOURNAL = {Multiscale Modeling \& Simulation. A SIAM Interdisciplinary
                Journal},
    VOLUME = {1},
    YEAR = {2003},
    NUMBER = {4},
    PAGES = {527--533},
    ISSN = {1540-3459},
    MRCLASS = {60H15 (37H10 60G15 60H30 60H40)},
    MRNUMBER = {2029590},
    MRREVIEWER = {Anna Karczewska},
    DOI = {10.1137/S1540345903421076},
    URL = {https://doi.org/10.1137/S1540345903421076},
}

@book {MR1088478,
    AUTHOR = {Adler, Robert J.},
    TITLE = {An {I}ntroduction to {C}ontinuity, {E}xtrema, and {R}elated {T}opics for
             {G}eneral {G}aussian {P}rocesses},
    SERIES = {Institute of Mathematical Statistics Lecture Notes---Monograph
              Series},
    VOLUME = {12},
    PUBLISHER = {Institute of Mathematical Statistics, Hayward, CA},
    YEAR = {1990},
    ISBN = {0-940600-17-X},
    MRCLASS = {60G15 (60G17)},
    MRNUMBER = {1088478},
    MRREVIEWER = {Simeon M. Berman},
}

@article{rackauckas2017differentialequations,
    title={Differentialequations.jl -- {A} performant and feature-rich ecosystem for solving differential equations in {J}ulia},
    author={Rackauckas, C. and Nie, Q.},
    journal={J. Open Res. Softw.},
    volume={5},
    number={1},
    pages={15},
    year={2017},
    doi={10.5334/jors.151},
    publisher={Ubiquity Press}
}

@article {MR2608370,
    AUTHOR = {Bou-Rabee, Nawaf and Owhadi, Houman},
    TITLE = {Long-run accuracy of variational integrators in the stochastic
             context},
    JOURNAL = {SIAM J. Numer. Anal.},
    FJOURNAL = {SIAM Journal on Numerical Analysis},
    VOLUME = {48},
    YEAR = {2010},
    NUMBER = {1},
    PAGES = {278--297},
    ISSN = {0036-1429},
    MRCLASS = {65C30 (60H10 60J05 65C05 65P10)},
    MRNUMBER = {2608370},
    MRREVIEWER = {Andreas R\"{o}\ss ler},
    DOI = {10.1137/090758842},
    URL = {https://doi.org/10.1137/090758842},
}

@ARTICLE{PSW21,
    author = {{Plechac}, Petr and {Stoltz}, Gabriel and {Wang}, Ting},
    title = "{Martingale product estimators for sensitivity analysis in computational statistical physics}",
    journal = {arXiv preprint},
    year = 2021,
    volume = {2112.00126},
}

@article{einstein1905molekularkinetischen,
    title={{\"U}ber die von der {M}olekularkinetischen {T}heorie der {W}{\"a}rme {g}eforderte {B}ewegung von in ruhenden {F}l{\"u}ssigkeiten suspendierten {T}eilchen},
    author={Einstein, Albert},
    fjournal={Annalen der Physik},
    journal={Ann. Phys.},
    volume={4},
    pages = {549--560},
    year={1905},
    doi={10.1002/andp.19053220806}
}

@article{sutherland1905lxxv,
    title={{LXXV}. {A} dynamical theory of diffusion for non-electrolytes and the molecular mass of albumin},
    author={Sutherland, William},
    fjournal={The London, Edinburgh, and Dublin Philosophical Magazine and Journal of Science},
    journal={London, Edinburgh Dublin Philos. Mag. J. Sci.},
    volume={9},
    number={54},
    pages={781--785},
    year={1905},
    publisher={Taylor \& Francis},
    doi={10.1080/14786440509463331}
}

@article{von1906kinetischen,
    title={Zur kinetischen {T}heorie der {B}rownschen {M}olekularbewegung und der {S}uspensionen},
    author={Von Smoluchowski, Marian},
    fjournal={Annalen der Physik},
    journal={Ann. Phys.},
    volume={326},
    number={14},
    pages={756--780},
    year={1906},
    publisher={Wiley Online Library},
    doi={10.1002/andp.19063261405}
}

@article {MR834478,
    AUTHOR = {Kipnis, C. and Varadhan, S. R. S.},
    TITLE = {Central limit theorem for additive functionals of reversible
             {M}arkov processes and applications to simple exclusions},
    JOURNAL = {Comm. Math. Phys.},
    FJOURNAL = {Communications in Mathematical Physics},
    VOLUME = {104},
    YEAR = {1986},
    NUMBER = {1},
    PAGES = {1--19},
    ISSN = {0010-3616},
    MRCLASS = {60F17 (60J05 60K35)},
    MRNUMBER = {834478},
    MRREVIEWER = {H. Kesten},
    URL = {http://projecteuclid.org.extranet.enpc.fr/euclid.cmp/1104114929},
}

@article {MR668684,
    AUTHOR = {Helland, Inge S.},
    TITLE = {Central limit theorems for martingales with discrete or
             continuous time},
    JOURNAL = {Scand. J. Statist.},
    FJOURNAL = {Scandinavian Journal of Statistics. Theory and Applications},
    VOLUME = {9},
    YEAR = {1982},
    NUMBER = {2},
    PAGES = {79--94},
    ISSN = {0303-6898},
    MRCLASS = {60F05 (60G42 60G44)},
    MRNUMBER = {668684},
    MRREVIEWER = {Holger Rootz\'{e}n},
}

@article {MR663900,
    AUTHOR = {Bhattacharya, R. N.},
    TITLE = {On the functional central limit theorem and the law of the
             iterated logarithm for {M}arkov processes},
    JOURNAL = {Z. Wahrsch. Verw. Gebiete},
    FJOURNAL = {Zeitschrift f\"{u}r Wahrscheinlichkeitstheorie und Verwandte
                Gebiete},
    VOLUME = {60},
    YEAR = {1982},
    NUMBER = {2},
    PAGES = {185--201},
    ISSN = {0044-3719},
    MRCLASS = {60J25 (60F17)},
    MRNUMBER = {663900},
    MRREVIEWER = {Yves Derriennic},
    DOI = {10.1007/BF00531822},
    URL = {https://doi-org.extranet.enpc.fr/10.1007/BF00531822},
}

@article {MR3556396,
    AUTHOR = {Bonnaillie-No\"{e}l, V. and Carrillo, J. A. and Goudon, T. and
              Pavliotis, G. A.},
    TITLE = {Efficient numerical calculation of drift and diffusion
             coefficients in the diffusion approximation of kinetic
             equations},
    JOURNAL = {IMA J. Numer. Anal.},
    FJOURNAL = {IMA Journal of Numerical Analysis},
    VOLUME = {36},
    YEAR = {2016},
    NUMBER = {4},
    PAGES = {1536--1569},
    ISSN = {0272-4979},
    MRCLASS = {82C31 (65C35)},
    MRNUMBER = {3556396},
    DOI = {10.1093/imanum/drv066},
    URL = {https://doi-org.extranet.enpc.fr/10.1093/imanum/drv066},
}

@ARTICLE{2018arXiv180208006B,
    author = {{Baroni}, Stefano and {Bertossa}, Riccardo and {Ercole}, Loris and {Grasselli}, Federico and {Marcolongo}, Aris},
    title = "{Heat transport in insulators from ab initio Green-Kubo theory}",
    journal = {arXiv preprint},
    year = 2018,
    volume = {1802.08006},
    archivePrefix = {arXiv},
    feprint = {1802.08006},
    adsnote = {Provided by the SAO/NASA Astrophysics Data System}
}

@Inbook{Baroni2020,
    author="Baroni, Stefano and Bertossa, Riccardo and Ercole, Loris and Grasselli, Federico and Marcolongo, Aris",
    editor="Andreoni, Wanda and Yip, Sidney",
    title="{H}eat {T}ransport in {I}nsulators from {A}b {I}nitio {G}reen--{K}ubo {T}heory",
    bookTitle="Handbook of Materials Modeling: Applications: Current and Emerging Materials",
    year="2020",
    publisher="Springer International Publishing",
    pages="809--844",
    isbn="978-3-319-44680-6",
    doi="10.1007/978-3-319-44680-6_12",
    url="https://doi.org/10.1007/978-3-319-44680-6_12"
}

@article{ercole2017accurate,
    title={Accurate thermal conductivities from optimally short molecular dynamics simulations},
    author={Ercole, Loris and Marcolongo, Aris and Baroni, Stefano},
    fjournal={Scientific Reports},
    journal={Sci. Rep.},
    volume={7},
    number={1},
    pages={1--11},
    year={2017},
    publisher={Nature Publishing Group}
}

@book{kroese2013handbook,
    title={Handbook of {M}onte {C}arlo {M}ethods},
    author={Kroese, Dirk P and Taimre, Thomas and Botev, Zdravko I},
    series={Wiley Series in Probability and Statistics},
    volume={706},
    year={2013},
    publisher={John Wiley \& Sons}
}

@article {MR3069369,
    AUTHOR = {Cattiaux, Patrick and Chafa\"{\i}, Djalil and Guillin, Arnaud},
    TITLE = {Central limit theorems for additive functionals of ergodic
             {M}arkov diffusions processes},
    JOURNAL = {ALEA Lat. Am. J. Probab. Math. Stat.},
    FJOURNAL = {ALEA. Latin American Journal of Probability and Mathematical
                Statistics},
    VOLUME = {9},
    YEAR = {2012},
    NUMBER = {2},
    PAGES = {337--382},
    MRCLASS = {60F05 (60F17 60G44 60J25 60J60)},
    MRNUMBER = {3069369},
    MRREVIEWER = {Antoine J. Lejay},
}

@article {MR3522857,
    AUTHOR = {Grothaus, Martin and Stilgenbauer, Patrik},
    TITLE = {Hilbert space hypocoercivity for the {L}angevin dynamics
             revisited},
    JOURNAL = {Methods Funct. Anal. Topology},
    FJOURNAL = {Methods of Functional Analysis and Topology},
    VOLUME = {22},
    YEAR = {2016},
    NUMBER = {2},
    PAGES = {152--168},
    ISSN = {1029-3531},
    MRCLASS = {47A35 (35H10 35R60 37A50 60J60)},
    MRNUMBER = {3522857},
    MRREVIEWER = {David Seifert},
}

@article {MR3106879,
    AUTHOR = {Dolbeault, Jean and Klar, Axel and Mouhot, Cl\'{e}ment and
              Schmeiser, Christian},
    TITLE = {Exponential rate of convergence to equilibrium for a model
             describing fiber lay-down processes},
    JOURNAL = {Appl. Math. Res. Express. AMRX},
    FJOURNAL = {Applied Mathematics Research Express. AMRX},
    YEAR = {2013},
    NUMBER = {2},
    PAGES = {165--175},
    ISSN = {1687-1200},
    MRCLASS = {35Q84 (35R60 60H30)},
    MRNUMBER = {3106879},
    MRREVIEWER = {Simona Mancini},
    DOI = {10.1093/amrx/abs015},
    URL = {https://doi-org.extranet.enpc.fr/10.1093/amrx/abs015},
}

@book {MR0233396,
    AUTHOR = {Billingsley, Patrick},
    TITLE = {Convergence of {P}robability {M}easures},
    PUBLISHER = {John Wiley \& Sons, Inc., New York-London-Sydney},
    YEAR = {1968},
    PAGES = {xii+253},
    MRCLASS = {60.30},
    MRNUMBER = {0233396},
    MRREVIEWER = {M. M. Siddiqui},
}

@article {MR4071827,
    AUTHOR = {Dujardin, Guillaume and H\'{e}rau, Fr\'{e}d\'{e}ric and Lafitte, Pauline},
    TITLE = {Coercivity, hypocoercivity, exponential time decay and
             simulations for discrete {F}okker-{P}lanck equations},
    JOURNAL = {Numer. Math.},
    FJOURNAL = {Numerische Mathematik},
    VOLUME = {144},
    YEAR = {2020},
    NUMBER = {3},
    PAGES = {615--697},
    ISSN = {0029-599X},
    MRCLASS = {35Q84 (35B40 35Q83)},
    MRNUMBER = {4071827},
    MRREVIEWER = {Luigi Nocera},
    DOI = {10.1007/s00211-019-01094-y},
    URL = {https://doi-org.extranet.enpc.fr/10.1007/s00211-019-01094-y},
}

@book {evans2010partial,
    AUTHOR = {Evans, L. C.},
    TITLE = {Partial {D}ifferential {E}quations},
    SERIES = {Graduate Studies in Mathematics},
    VOLUME = {19},
    EDITION = {Second},
    PUBLISHER = {American Mathematical Society, Providence, RI},
    YEAR = {2010},
    PAGES = {xxii+749},
    ISBN = {978-0-8218-4974-3},
    MRCLASS = {35-01},
    MRNUMBER = {2597943},
    MRREVIEWER = {Diego M. Maldonado},
    DOI = {10.1090/gsm/019},
    URL = {http://dx.doi.org/10.1090/gsm/019},
}

@book {MR3155209,
    AUTHOR = {Bakry, Dominique and Gentil, Ivan and Ledoux, Michel},
    TITLE = {Analysis and {G}eometry of {M}arkov {D}iffusion {O}perators},
    SERIES = {Grundlehren der mathematischen Wissenschaften},
    VOLUME = {348},
    PUBLISHER = {Springer, Cham},
    YEAR = {2014},
    PAGES = {xx+552},
    ISBN = {978-3-319-00226-2; 978-3-319-00227-9},
    MRCLASS = {60J25 (58J65 60J35 60J60)},
    MRNUMBER = {3155209},
    MRREVIEWER = {Ming Liao},
    DOI = {10.1007/978-3-319-00227-9},
    URL = {https://doi-org.extranet.enpc.fr/10.1007/978-3-319-00227-9},
}

@article{verlet1967computer,
    title={Computer ``experiments'' on classical fluids.
           {I}. {T}hermodynamical properties of {L}ennard-{J}ones molecules},
    author={Verlet, Loup},
    fjournal={Physical review},
    journal={Phys. Rev.},
    volume={159},
    number={1},
    pages={98},
    year={1967},
    publisher={APS}
}

@incollection {MR1958845,
    AUTHOR = {Glynn, Peter W. and Szechtman, Roberto},
    TITLE = {Some new perspectives on the method of control variates},
    BOOKTITLE = {Monte {C}arlo and {Q}uasi-{M}onte {C}arlo {M}ethods, 2000 ({H}ong
                 {K}ong)},
    PAGES = {27--49},
    PUBLISHER = {Springer, Berlin},
    YEAR = {2002},
    MRCLASS = {62J10 (65C05)},
    MRNUMBER = {1958845},
    MRREVIEWER = {A. L. Nagar},
}

@book {MR2723222,
    AUTHOR = {Tuckerman, Mark E.},
    TITLE = {Statistical Mechanics: Theory and Molecular Simulation},
    SERIES = {Oxford Graduate Texts},
    PUBLISHER = {Oxford University Press},
    YEAR = {2010},
    ISBN = {978-0-19-852526-4},
    MRCLASS = {82-01 (81V55 82-08 82C80)},
    MRNUMBER = {2723222},
    MRREVIEWER = {Gabriel Stoltz},
}

@book{allen2017computer,
    title={Computer Simulation of Liquids},
    author={Allen, Michael P and Tildesley, Dominic J},
    year={2017},
    publisher={Oxford University Press}
}

@book {MR1700749,
    AUTHOR = {Billingsley, Patrick},
    TITLE = {Convergence of {P}robability {M}easures},
    SERIES = {Wiley Series in Probability and Statistics: Probability and Statistics},
    EDITION = {Second},
    PUBLISHER = {John Wiley \& Sons, Inc., New York},
    YEAR = {1999},
    ISBN = {0-471-19745-9},
    MRCLASS = {60B10 (28A33 60F17)},
    MRNUMBER = {1700749},
    DOI = {10.1002/9780470316962},
    URL = {https://doi-org.extranet.enpc.fr/10.1002/9780470316962},
}

@article {MR3881695,
    AUTHOR = {Raissi, M. and Perdikaris, P. and Karniadakis, G. E.},
    TITLE = {Physics-informed neural networks: a deep learning framework
             for solving forward and inverse problems involving nonlinear
             partial differential equations},
    JOURNAL = {J. Comput. Phys.},
    FJOURNAL = {Journal of Computational Physics},
    VOLUME = {378},
    YEAR = {2019},
    PAGES = {686--707},
    ISSN = {0021-9991},
    MRCLASS = {65M70 (68T05)},
    MRNUMBER = {3881695},
    DOI = {10.1016/j.jcp.2018.10.045},
    URL = {https://doi-org.extranet.enpc.fr/10.1016/j.jcp.2018.10.045},
}

@article {MR4379630,
    AUTHOR = {Leimkuhler, Benedict and Sachs, Matthias},
    TITLE = {Efficient numerical algorithms for the generalized {L}angevin
             equation},
    JOURNAL = {SIAM J. Sci. Comput.},
    FJOURNAL = {SIAM Journal on Scientific Computing},
    VOLUME = {44},
    YEAR = {2022},
    NUMBER = {1},
    PAGES = {A364--A388},
    ISSN = {1064-8275},
    MRCLASS = {65C30 (60F05)},
    MRNUMBER = {4379630},
    DOI = {10.1137/20M138497X},
    URL = {https://doi-org.extranet.enpc.fr/10.1137/20M138497X},
}

@ARTICLE{2020arXiv200300726B,
    author = {{Bernard}, E. and {Fathi}, M. and {Levitt}, A. and {Stoltz}, G.},
    title = "{Hypocoercivity with Schur complements}",
    journal = {arXiv preprint},
    year = 2020,
    volume = {2003.00726},
}


@ARTICLE{2019arXiv190810828G,
    author = {{Grohs}, Philipp and {Jentzen}, Arnulf and {Salimova}, Diyora},
    title = "{Deep neural network approximations for Monte Carlo algorithms}",
    journal = {arXiv preprint},
    year = 2019,
    volume = {1908.10828},
}

@article {MR4338293,
    AUTHOR = {N\"{u}sken, Nikolas and Richter, Lorenz},
     TITLE = {Solving high-dimensional {H}amilton-{J}acobi-{B}ellman {PDE}s
              using neural networks: perspectives from the theory of
              controlled diffusions and measures on path space},
   JOURNAL = {Partial Differ. Equ. Appl.},
  FJOURNAL = {Partial Differential Equations and Applications},
    VOLUME = {2},
      YEAR = {2021},
    NUMBER = {4},
     PAGES = {Paper No. 48, 48},
      ISSN = {2662-2963},
   MRCLASS = {35R60},
  MRNUMBER = {4338293},
       DOI = {10.1007/s42985-021-00102-x},
       URL = {https://doi-org.extranet.enpc.fr/10.1007/s42985-021-00102-x},
}


@ARTICLE{2019arXiv190110854H,
    author = {{Hutzenthaler}, Martin and {Jentzen}, Arnulf and {Kruse}, Thomas and {Nguyen}, Tuan Anh},
    title = "{A proof that rectified deep neural networks overcome the curse of dimensionality in the numerical approximation of semilinear heat equations}",
    journal = {arXiv preprint},
    volume = {1901.10854},
}

@article {MR3759415,
    AUTHOR = {Raissi, Maziar and Karniadakis, George Em},
     TITLE = {Hidden physics models: machine learning of nonlinear partial
              differential equations},
   JOURNAL = {J. Comput. Phys.},
  FJOURNAL = {Journal of Computational Physics},
    VOLUME = {357},
      YEAR = {2018},
     PAGES = {125--141},
      ISSN = {0021-9991},
   MRCLASS = {35Q53 (68T05)},
  MRNUMBER = {3759415},
       DOI = {10.1016/j.jcp.2017.11.039},
       URL = {https://doi-org.extranet.enpc.fr/10.1016/j.jcp.2017.11.039},
}

@ARTICLE{2018arXiv180907321J,
    author = {{Jentzen}, Arnulf and {Salimova}, Diyora and {Welti}, Timo},
    title = "{A proof that deep artificial neural networks overcome the curse of dimensionality in the numerical approximation of Kolmogorov partial differential equations with constant diffusion and nonlinear drift coefficients}",
    journal = {arXiv preprint},
    year = 2018,
    volume = {1809.07321},
}

@ARTICLE{2021arXiv210614473D,
    author = {{De Ryck}, Tim and {Mishra}, Siddhartha},
    title = "{Error analysis for physics informed neural networks (PINNs) approximating Kolmogorov PDEs}",
    journal = {arXiv preprint},
    keywords = {Mathematics - Numerical Analysis, Computer Science - Machine Learning},
    year = 2021,
    volume = {2106.14473},
    adsurl = {https://ui.adsabs.harvard.edu/abs/2021arXiv210614473D},
    adsnote = {Provided by the SAO/NASA Astrophysics Data System}
}

@article {MR3847747,
    AUTHOR = {Han, Jiequn and Jentzen, Arnulf and E, Weinan},
     TITLE = {Solving high-dimensional partial differential equations using
              deep learning},
   JOURNAL = {Proc. Natl. Acad. Sci. USA},
  FJOURNAL = {Proceedings of the National Academy of Sciences of the United
              States of America},
    VOLUME = {115},
      YEAR = {2018},
    NUMBER = {34},
     PAGES = {8505--8510},
      ISSN = {0027-8424},
   MRCLASS = {35K55 (68T05 91A26 92C20)},
  MRNUMBER = {3847747},
       DOI = {10.1073/pnas.1718942115},
       URL = {https://doi-org.extranet.enpc.fr/10.1073/pnas.1718942115},
}

@article {MR4203091,
    AUTHOR = {Hutzenthaler, Martin and Jentzen, Arnulf and Kruse, Thomas and
              Nguyen, Tuan Anh and von Wurstemberger, Philippe},
     TITLE = {Overcoming the curse of dimensionality in the numerical
              approximation of semilinear parabolic partial differential
              equations},
   JOURNAL = {Proc. A.},
  FJOURNAL = {Proceedings A},
    VOLUME = {476},
      YEAR = {2020},
    NUMBER = {2244},
     PAGES = {20190630, 25},
      ISSN = {1364-5021},
   MRCLASS = {65N75 (35K58 65C05)},
  MRNUMBER = {4203091},
MRREVIEWER = {Erich Novak},
       DOI = {10.1098/rspa.2019.0630},
       URL = {https://doi-org.extranet.enpc.fr/10.1098/rspa.2019.0630},
}

@InProceedings{pmlr-v145-zhai22a,
  title = 	 {A deep learning method for solving {F}okker-{P}lanck equations},
  author =       {Zhai, Jiayu and Dobson, Matthew and Li, Yao},
  booktitle = 	 {Proceedings of the 2nd Mathematical and Scientific Machine Learning Conference},
  pages = 	 {568--597},
  year = 	 {2022},
  editor = 	 {Bruna, Joan and Hesthaven, Jan and Zdeborova, Lenka},
  volume = 	 {145},
  series = 	 {Proceedings of Machine Learning Research},
  month = 	 {16--19 Aug},
  publisher =    {PMLR},
  pdf = 	 {https://proceedings.mlr.press/v145/zhai22a/zhai22a.pdf},
  url = 	 {https://proceedings.mlr.press/v145/zhai22a.html},
  abstract = 	 {The time evolution of the probability distribution of a stochastic differential equation follows the Fokker-Planck equation, which usually has an unbounded, high-dimensional domain. Inspired by Li (2019), we propose a mesh-free Fokker-Planck solver, in which the solution to the Fokker-Planck equation is now represented by a neural network. The presence of the differential operator in the loss function improves the accuracy of the neural network representation and reduces the demand of data in the training process. Several high dimensional numerical examples are demonstrated. }
}

@book {MR503330,
    AUTHOR = {Bensoussan, Alain and Lions, Jacques-Louis and Papanicolaou,
              George},
     TITLE = {Asymptotic analysis for periodic structures},
    SERIES = {Studies in Mathematics and its Applications},
    VOLUME = {5},
 PUBLISHER = {North-Holland Publishing Co., Amsterdam-New York},
      YEAR = {1978},
     PAGES = {xxiv+700},
      ISBN = {0-444-85172-0},
   MRCLASS = {35-02 (35B40 49D50 60H99)},
  MRNUMBER = {503330},
MRREVIEWER = {Carlo Sbordone},
}

@book {MR710486,
    AUTHOR = {Pazy, A.},
     TITLE = {Semigroups of linear operators and applications to partial
              differential equations},
    SERIES = {Applied Mathematical Sciences},
    VOLUME = {44},
 PUBLISHER = {Springer-Verlag, New York},
      YEAR = {1983},
     PAGES = {viii+279},
      ISBN = {0-387-90845-5},
   MRCLASS = {47D05 (34Gxx 35Fxx 35Gxx 47H20)},
  MRNUMBER = {710486},
MRREVIEWER = {H. O. Fattorini},
       DOI = {10.1007/978-1-4612-5561-1},
       URL = {https://doi-org.extranet.enpc.fr/10.1007/978-1-4612-5561-1},
}
